<?xml version="1.0" encoding="UTF-8"?><collection xmlns="http://www.loc.gov/MARC21/slim"><record><leader>00497nam--2200169-i-4500</leader><controlfield tag="001">000039704</controlfield><controlfield tag="002">20161230</controlfield><controlfield tag="005">20161230201042</controlfield><controlfield tag="008">060222s1000------------r-----000-0-eng-d</controlfield><datafield ind1=" " ind2=" " tag="040"><subfield code="a">IFIN-HH</subfield></datafield><datafield ind1=" " ind2=" " tag="080"><subfield code="a">539.143:539.17.015</subfield></datafield><datafield ind1="1" ind2=" " tag="100"><subfield code="a">Rotenberg, Manuel</subfield></datafield><datafield ind1="1" ind2="0" tag="245"><subfield code="a">The 3-j and 6-j symbols</subfield><subfield code="c">Manuel rotenberg, e. bivins, n. metropolis, john k. wooten, jr</subfield></datafield><datafield ind1=" " ind2=" " tag="260"><subfield code="a">London</subfield><subfield code="b">Crosby Locwood &amp; Son Ltd</subfield><subfield code="c">1959</subfield></datafield><datafield ind1=" " ind2=" " tag="300"><subfield code="a">VIII + 498P</subfield></datafield><datafield ind1=" " ind2=" " tag="852"><subfield code="a">16700</subfield><subfield code="c">53.081</subfield></datafield><datafield ind1=" " ind2=" " tag="CAT"><subfield code="a">Sys</subfield><subfield code="c">20151119</subfield><subfield code="h">134733</subfield></datafield></record></collection>